@Book{Clements,
 author    = "Alan Clements",
 title     = "Computer Organization and Architecture",
 publisher = "Global Engineering: Christopher M. Shortt",
 year      =  2014,
 edition   = "Themes and Variations"
}
@ONLINE{ARM,
author = {ARM Ltd},
title = {The Architecture for the Digital World},
year = {2014},
url = {http://infocenter.arm.com/helpl}
}
@ONLINE{RISC,
author = {Crystal Chen, Greg Novick and Kirk Shimano},
title = {RISC ARCHITECTURE},
year = {2000},
url = {http://cs.stanford.edu/people/eroberts/courses/soco/projects/risc/risccisc/}
}
