@Book{Clements,
 author    = "Alan Clements",
 title     = "Computer Organization and Architecture",
 publisher = "Global Engineering: Christopher M. Shortt",
 year      =  2014,
 edition   = "Themes and Variations"
}