@Book{Clements,
 author    = "Alan Clements",
 title     = "Computer Organization and Architecture",
 publisher = "Global Engineering: Christopher M. Shortt",
 year      =  2014,
 edition   = "Themes and Variations"
}
@Online{ARM,
author = {ARM Ltd},
title = {The Architecture for the Digital World},
year = {2014},
url = {http://infocenter.arm.com/helpl}
}