@Book{Clements,
 author    = "Alan Clements",
 title     = "Computer Organization and Architecture",
 publisher = "Global Engineering: Christopher M. Shortt",
 year      =  2014,
 edition   = "Themes and Variations"
}
@Online{Charles,
author = {Charles Lin},
title = {The Magic of XOR},
year = {2003,2004},
url = {http://www.cs.umd.edu/class/sum2003/cmsc311/Notes/BitOp/xor.html}
}