@Book{Clements,
 author    = "Alan Clements",
 title     = "Computer Organization and Architecture",
 publisher = "Global Engineering: Christopher M. Shortt",
 year      =  2014,
 edition   = "Themes and Variations"
}
@article{Drepper,
    author    = "Ulrich Drepper with Red Hat, Inc.",
    title     = "What Every Programmer Should Know About Memory",
    year      = "2007",
    %month    = "November",
    %note     = "",
}